{
  "leader": "03000cam a2200481 i 4500",
  "fields": [
    {
      "001": "ocm00228190\\"
    },
    {
      "003": "OCoLC"
    },
    {
      "005": "20220105131632.0"
    },
    {
      "008": "791005m19551971nyuabc\\\\\\b\\\\\\\\001\\0\\eng\\\\"
    },
    {
      "010": {
        "ind1": "\\",
        "ind2": "\\",
        "subfields": [
          {
            "a": "   55008055 "
          }
        ]
      }
    },
    {
      "040": {
        "ind1": "\\",
        "ind2": "\\",
        "subfields": [
          {
            "a": "DLC"
          },
          {
            "b": "eng"
          },
          {
            "e": "rda"
          },
          {
            "c": "DLC"
          },
          {
            "d": "LVB"
          },
          {
            "d": "OCLCG"
          },
          {
            "d": "AU@"
          },
          {
            "d": "OCLCA"
          },
          {
            "d": "EDX"
          },
          {
            "d": "TXH"
          },
          {
            "d": "BDX"
          },
          {
            "d": "OCLCF"
          },
          {
            "d": "OCLCQ"
          },
          {
            "d": "SHH"
          },
          {
            "d": "SFR"
          },
          {
            "d": "NJR"
          },
          {
            "d": "LUE"
          },
          {
            "d": "ALMSI"
          },
          {
            "d": "BRL"
          },
          {
            "d": "QE2"
          },
          {
            "d": "VICSF"
          },
          {
            "d": "LWA"
          },
          {
            "d": "IPL"
          },
          {
            "d": "OCLCO"
          }
        ]
      }
    },
    {
      "019": {
        "ind1": "\\",
        "ind2": "\\",
        "subfields": [
          {
            "a": "246848311"
          },
          {
            "a": "609588436"
          },
          {
            "a": "977912223"
          },
          {
            "a": "1017302177"
          },
          {
            "a": "1035815725"
          },
          {
            "a": "1081063157"
          },
          {
            "a": "1164416641"
          },
          {
            "a": "1165619412"
          },
          {
            "a": "1170706322"
          },
          {
            "a": "1200988680"
          },
          {
            "a": "1200995839"
          },
          {
            "a": "1201912291"
          },
          {
            "a": "1201995275"
          },
          {
            "a": "1202007259"
          },
          {
            "a": "1202016736"
          }
        ]
      }
    },
    {
      "020": {
        "ind1": "\\",
        "ind2": "\\",
        "subfields": [
          {
            "z": "060125276 (v. 3) (only number known)"
          }
        ]
      }
    },
    {
      "020": {
        "ind1": "\\",
        "ind2": "\\",
        "subfields": [
          {
            "z": "0060125276 (v. 3) (only number known)"
          }
        ]
      }
    },
    {
      "035": {
        "ind1": "\\",
        "ind2": "\\",
        "subfields": [
          {
            "a": "(OCoLC)228190"
          },
          {
            "z": "(OCoLC)246848311"
          },
          {
            "z": "(OCoLC)609588436"
          },
          {
            "z": "(OCoLC)977912223"
          },
          {
            "z": "(OCoLC)1017302177"
          },
          {
            "z": "(OCoLC)1035815725"
          },
          {
            "z": "(OCoLC)1081063157"
          },
          {
            "z": "(OCoLC)1164416641"
          },
          {
            "z": "(OCoLC)1165619412"
          },
          {
            "z": "(OCoLC)1170706322"
          },
          {
            "z": "(OCoLC)1200988680"
          },
          {
            "z": "(OCoLC)1200995839"
          },
          {
            "z": "(OCoLC)1201912291"
          },
          {
            "z": "(OCoLC)1201995275"
          },
          {
            "z": "(OCoLC)1202007259"
          },
          {
            "z": "(OCoLC)1202016736"
          }
        ]
      }
    },
    {
      "037": {
        "ind1": "\\",
        "ind2": "\\",
        "subfields": [
          {
            "c": "{dollar}12.50 (v. 3)"
          }
        ]
      }
    },
    {
      "043": {
        "ind1": "\\",
        "ind2": "\\",
        "subfields": [
          {
            "a": "n-us-nj"
          }
        ]
      }
    },
    {
      "050": {
        "ind1": "0",
        "ind2": "0",
        "subfields": [
          {
            "a": "HD2769.O4"
          },
          {
            "b": "H5 1955"
          }
        ]
      }
    },
    {
      "082": {
        "ind1": "0",
        "ind2": "4",
        "subfields": [
          {
            "a": "338.76655"
          },
          {
            "b": "HIS"
          }
        ]
      }
    },
    {
      "096": {
        "ind1": "\\",
        "ind2": "\\",
        "subfields": [
          {
            "a": "338 .766 H673"
          }
        ]
      }
    },
    {
      "245": {
        "ind1": "0",
        "ind2": "0",
        "subfields": [
          {
            "a": "History of Standard Oil Company (New Jersey)."
          }
        ]
      }
    },
    {
      "264": {
        "ind1": "\\",
        "ind2": "1",
        "subfields": [
          {
            "a": "New York :"
          },
          {
            "b": "Harper,"
          },
          {
            "c": "1955-1971."
          }
        ]
      }
    },
    {
      "300": {
        "ind1": "\\",
        "ind2": "\\",
        "subfields": [
          {
            "a": "3 volumes :"
          },
          {
            "b": "illustrations, portraits, maps ;"
          },
          {
            "c": "25 cm"
          }
        ]
      }
    },
    {
      "336": {
        "ind1": "\\",
        "ind2": "\\",
        "subfields": [
          {
            "a": "text"
          },
          {
            "b": "txt"
          },
          {
            "2": "rdacontent"
          }
        ]
      }
    },
    {
      "337": {
        "ind1": "\\",
        "ind2": "\\",
        "subfields": [
          {
            "a": "unmediated"
          },
          {
            "b": "n"
          },
          {
            "2": "rdamedia"
          }
        ]
      }
    },
    {
      "338": {
        "ind1": "\\",
        "ind2": "\\",
        "subfields": [
          {
            "a": "volume"
          },
          {
            "b": "nc"
          },
          {
            "2": "rdacarrier"
          }
        ]
      }
    },
    {
      "500": {
        "ind1": "\\",
        "ind2": "\\",
        "subfields": [
          {
            "a": "\"A study by the Business History Foundation, inc.\""
          }
        ]
      }
    },
    {
      "500": {
        "ind1": "\\",
        "ind2": "\\",
        "subfields": [
          {
            "a": "Volume 3 has imprint: New York, Harper & Row."
          }
        ]
      }
    },
    {
      "504": {
        "ind1": "\\",
        "ind2": "\\",
        "subfields": [
          {
            "a": "Includes bibliographical references and index."
          }
        ]
      }
    },
    {
      "505": {
        "ind1": "0",
        "ind2": "0",
        "subfields": [
          {
            "g": "[1]"
          },
          {
            "t": "Pioneering in big business, 1882-1911/"
          },
          {
            "r": "R.W. Hidy and M.E. Hidy --"
          },
          {
            "g": "2."
          },
          {
            "t": "The resurgent years, 1911-1927 /"
          },
          {
            "r": "G.S. Gibb and E.H. Knowlton --"
          },
          {
            "g": "[3]"
          },
          {
            "t": "New horizons, 1927-1950 /"
          },
          {
            "r": "H.M. Larson, E.H. Knowlton, and C.S. Popple."
          }
        ]
      }
    },
    {
      "520": {
        "ind1": "\\",
        "ind2": "\\",
        "subfields": [
          {
            "a": "\"A study by the Business History Foundation, inc.\"Vol. 3 has imprint: New York, Harper & Row. Includes bibliographical references. [1] Pioneering in big business, 1882-1911, by R. W. Hidy and M. E. Hidy.--2. The resurgent years, 1911-1927, by G. S. Gibb and E. H. Knowlton.--[3] New horizons, 1927-1950, by, H. M. Larson, E. H. Knowlton, and C. S. Popple."
          }
        ]
      }
    },
    {
      "610": {
        "ind1": "2",
        "ind2": "0",
        "subfields": [
          {
            "a": "Standard Oil Company."
          }
        ]
      }
    },
    {
      "610": {
        "ind1": "2",
        "ind2": "7",
        "subfields": [
          {
            "a": "Standard Oil Company."
          },
          {
            "2": "fast"
          },
          {
            "0": "(OCoLC)fst00532578"
          }
        ]
      }
    },
    {
      "700": {
        "ind1": "1",
        "ind2": "2",
        "subfields": [
          {
            "i": "Container of (work):"
          },
          {
            "a": "Hidy, Ralph W."
          },
          {
            "q": "(Ralph Willard),"
          },
          {
            "d": "1905-1977."
          },
          {
            "t": "Pioneering in big business, 1882-1911."
          }
        ]
      }
    },
    {
      "700": {
        "ind1": "1",
        "ind2": "2",
        "subfields": [
          {
            "i": "Container of (work):"
          },
          {
            "a": "Gibb, George Sweet,"
          },
          {
            "d": "1916-1989."
          },
          {
            "t": "Resurgent years, 1911-1927."
          }
        ]
      }
    },
    {
      "700": {
        "ind1": "1",
        "ind2": "2",
        "subfields": [
          {
            "i": "Container of (work):"
          },
          {
            "a": "Larson, Henrietta M."
          },
          {
            "q": "(Henrietta Melia)."
          },
          {
            "t": "New horiszons, 1927-1950."
          }
        ]
      }
    },
    {
      "710": {
        "ind1": "2",
        "ind2": "\\",
        "subfields": [
          {
            "a": "Business History Foundation,"
          },
          {
            "e": "sponsoring body."
          }
        ]
      }
    },
    {
      "776": {
        "ind1": "0",
        "ind2": "8",
        "subfields": [
          {
            "i": "Online version:"
          },
          {
            "t": "History of Standard Oil Company (New Jersey)."
          },
          {
            "d": "[New York] Harper [1955-71]"
          },
          {
            "w": "(OCoLC)565162410"
          }
        ]
      }
    },
    {
      "994": {
        "ind1": "\\",
        "ind2": "\\",
        "subfields": [
          {
            "a": "Z0"
          },
          {
            "b": "NYRVC"
          }
        ]
      }
    },
    {
      "948": {
        "ind1": "\\",
        "ind2": "\\",
        "subfields": [
          {
            "h": "NO HOLDINGS IN NYRVC - 760 OTHER HOLDINGS"
          }
        ]
      }
    },
    {
      "999": {
        "ind1": "\\",
        "ind2": "\\",
        "subfields": [
          {
            "a": "00000000015913"
          },
          {
            "v": "v. 1"
          }
        ]
      }
    },
    {
      "999": {
        "ind1": "\\",
        "ind2": "\\",
        "subfields": [
          {
            "a": "00000000015671"
          },
          {
            "v": "v. 2"
          }
        ]
      }
    },
    {
      "999": {
        "ind1": "\\",
        "ind2": "\\",
        "subfields": [
          {
            "a": "00000000015667"
          },
          {
            "v": "v. 3"
          }
        ]
      }
    }
  ]
}